<?xml version="1.0" encoding="UTF-8"?><collection xmlns="http://www.loc.gov/MARC21/slim"><record><leader>00339nam--2200133-i-4500</leader><controlfield tag="001">000028235</controlfield><controlfield tag="002">20161230</controlfield><controlfield tag="005">20161230201037</controlfield><controlfield tag="008">060222s1000------------r-----000-0-eng-d</controlfield><datafield ind1=" " ind2=" " tag="080"><subfield code="a">54(076.1)</subfield></datafield><datafield ind1=" " ind2=" " tag="100"><subfield code="a">Iusut, Mihail</subfield></datafield><datafield ind1=" " ind2=" " tag="245"><subfield code="a">Probleme de chimie generala si anorganica</subfield></datafield><datafield ind1=" " ind2=" " tag="260"><subfield code="a">Bucuresti,Editura Tehnica, 1981. 346p</subfield></datafield><datafield ind1=" " ind2=" " tag="852"><subfield code="a">49320</subfield></datafield></record></collection>